@article{murdoch2003objectivity,
  title={Objectivity in classical continuum physics: a rationale for discarding the ‘principle of invariance under superposed rigid body motions’ in favour of purely objective considerations},
  author={Murdoch, A. I.},
  journal={Continuum Mechanics and Thermodynamics},
  volume={15},
  number={4},
  pages={309--320},
  year={2003},
  publisher={Springer}
}

@article{liu2004euclidean,
  title={On Euclidean objectivity and the principle of material frame-indifference},
  author={Liu, I-Shih},
  journal={Continuum Mechanics and Thermodynamics},
  volume={16},
  number={1-2},
  pages={177--183},
  year={2004},
  publisher={Springer}
}

@article{frewer2009clarity,
  title={More clarity on the concept of material frame-indifference in classical continuum mechanics},
  author={Frewer, Michael},
  journal={Acta Mechanica},
  volume={202},
  number={1-4},
  pages={213--246},
  year={2009},
  publisher={Springer}
}

@article{mariano2013covariance,
  title={Covariance in plasticity},
  author={Mariano, Paolo Maria},
  journal={Proceedings of the Royal Society A: Mathematical, Physical and Engineering Sciences},
  volume={469},
  number={2153},
  pages={20130073},
  year={2013},
  publisher={The Royal Society}
}

@article{yavari2008covariance,
  title={Covariance in linearized elasticity},
  author={Yavari, Arash and Ozakin, Arkadas},
  journal={Zeitschrift für angewandte Mathematik und Physik ZAMP},
  volume={59},
  number={6},
  pages={1081--1110},
  year={2008},
  publisher={Birkhäuser}
}

@article{steigmann2007frame,
  title={On the frame invariance of linear elasticity theory},
  author={Steigmann, David J},
  journal={Zeitschrift für angewandte Mathematik und Physik ZAMP},
  volume={58},
  number={1},
  pages={121--136},
  year={2007},
  publisher={Birkhäuser}
}

@article{yavari2006spatial,
  title={On spatial and material covariant balance laws in elasticity},
  author={Yavari, Arash and Marsden, Jerrold E and Ortiz, Michael},
  journal={Journal of Mathematical Physics},
  volume={47},
  number={4},
  pages={042903},
  year={2006},
  publisher={AIP}
}

@article{murdoch2005criticism,
  title={On criticism of the nature of objectivity in classical continuum mechanics},
  author={Murdoch, A. I.},
  journal={Continuum Mechanics and Thermodynamics},
  volume={17},
  number={2},
  pages={135--148},
  year={2005},
  publisher={Springer}
}

@article{liu2005further,
  title={Further remarks on Euclidean objectivity and the principle of material frame-indifference},
  author={Liu, I-Shih},
  journal={Continuum Mechanics and Thermodynamics},
  volume={17},
  number={2},
  pages={125--133},
  year={2005},
  publisher={Springer}
}

@article{liu2011constitutive,
  title={Constitutive theories: basic principles},
  author={Liu, I-Shih},
  journal={Encyclopedia of Continuum Mechanics},
  pages={616--638},
  year={2011},
  publisher={Springer}
}

% Add more references here as needed...

@book{truesdell2004non,
  title={Non-Linear Field Theories of Mechanics},
  author={Truesdell, Clifford A and Noll, Walter},
  year={2004},
  publisher={Springer}
}

@book{marsden1994mathematical,
  title={Mathematical Foundations of Elasticity},
  author={Marsden, Jerrold E and Hughes, Thomas JR},
  year={1994},
  publisher={Dover}
}

@article{noll1973lectures,
  title={Lectures on the foundations of continuum mechanics and thermodynamics},
  author={Noll, Walter},
  journal={Archive for Rational Mechanics and Analysis},
  volume={52},
  number={1},
  pages={62--92},
  year={1973},
  publisher={Springer}
}

@article{eshelby1951force,
  title={The force on an elastic singularity},
  author={Eshelby, JD},
  journal={Philosophical Transactions of the Royal Society of London. Series A, Mathematical and Physical Sciences},
  volume={244},
  number={877},
  pages={87--112},
  year={1951},
  publisher={The Royal Society}
}

@article{eshelby1975elastic,
  title={The elastic energy-momentum tensor},
  author={Eshelby, JD},
  journal={Journal of Elasticity},
  volume={5},
  number={3-4},
  pages={321--335},
  year={1975},
  publisher={Springer}
}

@misc{farimani2018mathstackexchange,
    title = {Defining tensor transpose without representing them as matrices},
    author = {Foad S. Farimani},
    howpublished = {Mathematics Stack Exchange},
    url = {https://math.stackexchange.com/q/2687562}
}